<?xml version="1.0" encoding="UTF-8"?><collection><record><leader>06104ntm a2200661 a 4500</leader><controlfield tag="001">006816007</controlfield><controlfield tag="003">MiAaHDL</controlfield><controlfield tag="005">20190719000000.0</controlfield><controlfield tag="006">m        d        </controlfield><controlfield tag="007">cr bn ---auaua</controlfield><controlfield tag="008">090611q148015uuxx            00| ||per d</controlfield><datafield tag="035" ind1=" " ind2=" "><subfield code="a">(MiU)006816007</subfield></datafield><datafield tag="035" ind1=" " ind2=" "><subfield code="a">sdr-miu006816007</subfield></datafield><datafield tag="040" ind1=" " ind2=" "><subfield code="a">MiU</subfield><subfield code="c">MiU</subfield><subfield code="e">amremm</subfield></datafield><datafield tag="043" ind1=" " ind2=" "><subfield code="a">n-us-mi</subfield></datafield><datafield tag="100" ind1="0" ind2=" "><subfield code="6">880-01</subfield><subfield code="a">Jāmī,</subfield><subfield code="d">1414-1492.</subfield></datafield><datafield tag="240" ind1="1" ind2="0"><subfield code="6">880-02</subfield><subfield code="a">Haft awrang</subfield></datafield><datafield tag="245" ind1="1" ind2="0"><subfield code="6">880-03</subfield><subfield code="a">[Haft awrang,</subfield><subfield code="f">late 15th or 16th century?].</subfield></datafield><datafield tag="260" ind1=" " ind2=" "><subfield code="c">[1480-15--?].</subfield></datafield><datafield tag="300" ind1=" " ind2=" "><subfield code="a">353 leaves :</subfield><subfield code="b">paper ;</subfield><subfield code="c">237 x 175 (161 x 111) mm. bound to 247 x 190 mm.</subfield></datafield><datafield tag="500" ind1=" " ind2=" "><subfield code="a">Shelfmark: Ann Arbor, University of Michigan, Special Collections Library, Isl. Ms. 333</subfield></datafield><datafield tag="500" ind1=" " ind2=" "><subfield code="a">Origin: Lacks dated colophon ; paper, decoration, etc. may suggest 17th or even late 16th century.</subfield></datafield><datafield tag="500" ind1=" " ind2=" "><subfield code="a">Former shelfmark: "528 T. De M. [i.e. Tammaro De Marinis]" inscribed in pencil on verso of front flyleaf.</subfield></datafield><datafield tag="500" ind1=" " ind2=" "><subfield code="a">Binding: Pasteboards covered in dark mahogany leather ; Western style binding (hollow back, not flush, rounded spine, etc.) ; pastedowns and flyleaves in textured and coated, foil-stamped paper (scalloped floral vegetal design in green and gold on white) ; upper and lower covers carry gold-stamped (over onlays, orange leather / shagreen and blue coated and embossed paper) oval central ornament with radiating vegetal design, cornerpieces and border pieces ; on spine, raised bands as well as further stamped ornaments over orange shagreen onlays and at center another oval ornament in green ; eges of text block gilt ; now sewn in white thread over two heavy recessed cords ; stuck-on endbands ; overall in fair condition with some abrasion, staining, lifting of leather, etc.</subfield></datafield><datafield tag="500" ind1=" " ind2=" "><subfield code="a">Support: non-European (likely Persian) laid paper with 7-8 laid lines per cm. (mainly vertical, somewhat indistinct) and no chain lines plainly visible, cloudy formation, beige in color, sturdy, well-burnished ; some staining ; replacement leaves in wove paper ; some leaves guarded.</subfield></datafield><datafield tag="500" ind1=" " ind2=" "><subfield code="a">Decoration: Illuminated headpiece (ʻunwān / sarlawḥ) at opening on p.2 consisting of large rectangular piece with gold cartouche carrying effaced title in red, surrounded by swirling arabesque (in turquoise, red, gold, etc.) and geometric motifs defined by white bands on a field of blue (approaching lapis lazuli), bordered in heavy band of gold interlace and floral vegetal desgin in gold, red and blue on a black ground, surmounted by scalloped triangular piece or hasp (filled with floral vegetal design on a gold ground) set into a rectangular band filled with arabesque on a blue (approaching lapis lazuli) ground, all surmounted by vertical stalks (tīgh) in blue ; written area throughout surrounded by frame in gold bands with outermost blue rule, columns within written area also bounded by gold rules ; numerous lacunae left, possibly for headpieces and rubricated passages (only opening mas̲navī bears headpiece ; rubricated text has been provided for opening of Silsilat al-ẕahab, see pp.582-605).</subfield></datafield><datafield tag="500" ind1=" " ind2=" "><subfield code="a">Script: Nastaʻlīq ; elegant hand ; serifless, with effect of words descending to baseline, closed counters, and elongated horizontal strokes.</subfield></datafield><datafield tag="500" ind1=" " ind2=" "><subfield code="a">Layout: Written in 15 lines per page, written area mainly divided into four columns ; frame-ruled.</subfield></datafield><datafield tag="500" ind1=" " ind2=" "><subfield code="a">Collation: i, 3 IV(24), 2 IV-2+2 (40), IV (8), IV-2+2 (56), 3 IV(80), III+1 (87), 5 IV(127), III (133), II (137), 7 IV(179), 2 IV(195), 3 III(213), IV-2+2 (221), III (227), 7 IV(283), II (287), 2 IV(303), 2 III(315), IV (323), III-4+4 (329), II (333), III+2 (341), III-4+4 (347), III (353), i ; mainly quaternions and ternions (some anomalous) ; numerous missing leaves have been replaced but with lacunae left unfilled ; moisture damage or intential removal of text from p.487 ; catchwords present ; pagination in pencil, Western numerals, supplied during digitization.</subfield></datafield><datafield tag="500" ind1=" " ind2=" "><subfield code="a">Incipit: [Yūsuf va Zulaykhā] "الهی غنچه امید بگشای گلی از روضه جاوید بنمای ..."</subfield></datafield><datafield tag="500" ind1=" " ind2=" "><subfield code="a">Title supplied by cataloguer.</subfield></datafield><datafield tag="500" ind1=" " ind2=" "><subfield code="a">Ms. codex.</subfield></datafield><datafield tag="505" ind1="0" ind2=" "><subfield code="a">11. p.582-p.705 : [Silsilat al-ẕahab, daftar-i avval, etc.] / Jāmī.</subfield></datafield><datafield tag="505" ind1="0" ind2=" "><subfield code="a">10. p.581 : [blank].</subfield></datafield><datafield tag="505" ind1="0" ind2=" "><subfield code="a">9. p.472-p.580 : [Silsilat al-ẕahab, daftar-i duvvum] / Jāmī.</subfield></datafield><datafield tag="505" ind1="0" ind2=" "><subfield code="a">8. p.470-p.471 : [blank].</subfield></datafield><datafield tag="505" ind1="0" ind2=" "><subfield code="a">7. p.360-p.469 : [Subḥat al-abrār] / Jāmī.</subfield></datafield><datafield tag="505" ind1="0" ind2=" "><subfield code="a">6. p.358-p.359 : [blank].</subfield></datafield><datafield tag="505" ind1="0" ind2=" "><subfield code="a">5. p.276-p.357 : [Khiradnāmah-i Iskandarī] / Jāmī.</subfield></datafield><datafield tag="505" ind1="0" ind2=" "><subfield code="a">4. p.275 : [blank].</subfield></datafield><datafield tag="505" ind1="0" ind2=" "><subfield code="a">3. p.146-p.274 : Majnūn va Laylá / Jāmī.</subfield></datafield><datafield tag="505" ind1="0" ind2=" "><subfield code="a">2. p.144-p.145 : [blank].</subfield></datafield><datafield tag="505" ind1="0" ind2=" "><subfield code="a">1. p.2-p.143 : [Yūsuf va Zulaykhā] / Jāmī.</subfield></datafield><datafield tag="510" ind1="4" ind2=" "><subfield code="a">Cat. Pers. MSS. Brit. Mus.,</subfield><subfield code="c">p.644 ff.</subfield></datafield><datafield tag="520" ind1="8" ind2=" "><subfield code="a">Fine though incomplete copy of the seven mas̲navīs of Jāmī (d.1492) collected under the title Haft awrang, opening with Yūsuf va Zulaykhā and concluding with Silsilat al-ẕahab (arrangement differs from that outlined in Jāmī's preface). Appears to lack Salāmān va Absāl and Tuḥfat al-Aḥrār.</subfield></datafield><datafield tag="538" ind1=" " ind2=" "><subfield code="a">Mode of access: Internet.</subfield></datafield><datafield tag="541" ind1=" " ind2=" "><subfield code="c">Purchase ;</subfield><subfield code="a">Acquired by purchase (funds donated by Horace Rackham).</subfield><subfield code="d">1924.</subfield></datafield><datafield tag="546" ind1=" " ind2=" "><subfield code="a">Persian.</subfield></datafield><datafield tag="561" ind1=" " ind2=" "><subfield code="a">Inscription in pencil on verso of front flyleaf "582 T. De M. [i.e. Tammaro De Marinis]" ; some glosses in opening of Silsilat al-ẕahab (see pp.582-605) ; otherwise fairly clean copy.</subfield></datafield><datafield tag="650" ind1=" " ind2="0"><subfield code="a">Manuscripts, Persian</subfield><subfield code="z">Michigan</subfield><subfield code="z">Ann Arbor.</subfield></datafield><datafield tag="650" ind1=" " ind2="0"><subfield code="a">Masnavis, Persian</subfield><subfield code="v">Early works to 1800.</subfield></datafield><datafield tag="650" ind1=" " ind2="0"><subfield code="a">Persian poetry</subfield><subfield code="y">747-1500.</subfield></datafield><datafield tag="655" ind1=" " ind2="7"><subfield code="a">Headpieces (layout features)</subfield><subfield code="y">17th century.</subfield><subfield code="2">aat</subfield></datafield><datafield tag="700" ind1="0" ind2=" "><subfield code="a">Abdülhamid</subfield><subfield code="b">II,</subfield><subfield code="c">Sultan of the Turks,</subfield><subfield code="d">1842-1918,</subfield><subfield code="e">former owner.</subfield></datafield><datafield tag="773" ind1="0" ind2=" "><subfield code="a">Abdul Hamid Collection.</subfield></datafield><datafield tag="880" ind1="1" ind2="0"><subfield code="6">245-03/</subfield><subfield code="a">[هفت اورنگ,</subfield><subfield code="f">پایان قرن 15 یا اغاز قرن 16م؟].</subfield></datafield><datafield tag="880" ind1="1" ind2="0"><subfield code="6">240-02/</subfield><subfield code="a">هفت اورنگ</subfield></datafield><datafield tag="880" ind1="0" ind2=" "><subfield code="6">100-01/</subfield><subfield code="a">جامى.</subfield></datafield><datafield tag="CID" ind1=" " ind2=" "><subfield code="a">006816007</subfield></datafield><datafield tag="DAT" ind1="0" ind2=" "><subfield code="a">20190719102639.0</subfield><subfield code="b">20190719000000.0</subfield></datafield><datafield tag="DAT" ind1="1" ind2=" "><subfield code="a">20190719090653.0</subfield><subfield code="b">2019-07-19T16:11:50Z</subfield></datafield><datafield tag="DAT" ind1="2" ind2=" "><subfield code="a">2015-10-10T18:00:06Z</subfield></datafield><datafield tag="CAT" ind1=" " ind2=" "><subfield code="a">SDR-MIU</subfield><subfield code="d">EX LIBRIS - ALEPH</subfield><subfield code="l">prepare.pl-004-008</subfield></datafield><datafield tag="FMT" ind1=" " ind2=" "><subfield code="a">BK</subfield></datafield><datafield tag="HOL" ind1=" " ind2=" "><subfield code="0">sdr-miu006816007</subfield><subfield code="a">MiU</subfield><subfield code="b">SDR</subfield><subfield code="c">MIU</subfield><subfield code="p">mdp.39015079129543</subfield><subfield code="s">MIU</subfield><subfield code="1">006816007</subfield></datafield><datafield tag="974" ind1=" " ind2=" "><subfield code="b">MIU</subfield><subfield code="c">MIU</subfield><subfield code="d">20190719</subfield><subfield code="s">lit-dlps-dc</subfield><subfield code="u">mdp.39015079129543</subfield><subfield code="y">1599</subfield><subfield code="r">pd</subfield><subfield code="q">bib</subfield><subfield code="t">non-US bib date2 &lt; 1896</subfield></datafield></record></collection>